<record><leader>00000cas a22000007a 4500</leader><controlfield tag="001">38821831</controlfield><controlfield tag="008">980323d198u1997mauwr ne      0    0eng d</controlfield><datafield ind1=" " ind2=" " tag="010"><subfield code="a">sn 97068832 </subfield></datafield><datafield ind1=" " ind2=" " tag="040"><subfield code="a">MGN</subfield><subfield code="b">eng</subfield><subfield code="c">MGN</subfield><subfield code="d">OCLCQ</subfield></datafield><datafield ind1=" " ind2=" " tag="042"><subfield code="a">msc</subfield></datafield><datafield ind1="0" ind2="4" tag="245"><subfield code="a">The Weston tab.</subfield></datafield><datafield ind1=" " ind2=" " tag="260"><subfield code="a">Newton, MA :</subfield><subfield code="b">Tabloid Newspaper Publishers</subfield></datafield><datafield ind1=" " ind2=" " tag="300"><subfield code="a">v.</subfield></datafield><datafield ind1=" " ind2=" " tag="310"><subfield code="a">Weekly</subfield></datafield><datafield ind1="1" ind2=" " tag="362"><subfield code="a">Ceased in Sept. 1997?</subfield></datafield><datafield ind1=" " ind2=" " tag="500"><subfield code="a">Published in Needham, Mass., &lt;1995&gt;-1997.</subfield></datafield><datafield ind1=" " ind2=" " tag="588"><subfield code="a">Description based on: Vol. 4, no. 35 (Jan. 2, 1990).</subfield></datafield><datafield ind1=" " ind2=" " tag="752"><subfield code="a">United States</subfield><subfield code="b">Massachusetts</subfield><subfield code="c">Middlesex</subfield><subfield code="d">Newton.</subfield></datafield><datafield ind1=" " ind2=" " tag="752"><subfield code="a">United States</subfield><subfield code="b">Massachusetts</subfield><subfield code="c">Middlesex</subfield><subfield code="d">Needham.</subfield></datafield><datafield ind1=" " ind2=" " tag="752"><subfield code="a">United States</subfield><subfield code="b">Massachusetts</subfield><subfield code="c">Middlesex</subfield><subfield code="d">Weston.</subfield></datafield><datafield ind1="0" ind2="7" tag="785"><subfield code="t">Wayland Weston town crier (Wayland, Mass. : Weston ed.)</subfield><subfield code="w">(DLC)sn 89063435</subfield></datafield><datafield ind1="0" ind2="7" tag="785"><subfield code="t">Weston town crier &amp; tab</subfield><subfield code="w">(DLC)sn 98059905</subfield></datafield></record>